%%%%%%%%%%%%%%%%%%%%%%%%%%%%%%%%%%%%%%%
%% Finite Element
@book{Simo,
	title={Computational inelasticity},
	author={Simo, Juan C and Hughes, Thomas JR},
	volume={7},
	year={2006},
	publisher={Springer Science \& Business Media}
}


@book{Belytschko,
	title={Nonlinear finite elements for continua and structures},
	author={Belytschko, Ted and Liu, Wing Kam and Moran, Brian and Elkhodary, Khalil},
	year={2013},
	publisher={John wiley \& sons}
}


%%%%%%%%%%%%%%%%%%%%%%%%%%%%%%%%%%%%%%%
%% Software
@book{Abaqus,
	title = "ABAQUS/Standard User's Manual, Version 6.9",
	author = "Michael Smith",
	year = "2009",
	publisher = "Simulia",
	
}

@article{Export_Abaqus,
	author = {Liu, Qingbin and Li, Jiang and Liu, Jie},
	title = {ParaView Visualization of Abaqus Output on the Mechanical Deformation of Complex Microstructures},
	journal = {Comput. Geosci.},
	issue_date = {February 2017},
	volume = {99},
	number = {C},
	month = feb,
	year = {2017},
	issn = {0098-3004},
	pages = {135--144},
	numpages = {10},
	url = {https://doi.org/10.1016/j.cageo.2016.11.008},
	doi = {10.1016/j.cageo.2016.11.008},
	acmid = {3063929},
	publisher = {Pergamon Press, Inc.},
	address = {Tarrytown, NY, USA},
} 



@article{Paraview,
	title={The paraview guide: a parallel visualization application},
	author={Ayachit, Utkarsh},
	year={2015},
	publisher={Kitware, Inc.}
}


%%%%%%%%%%%%%%%%%%%%%%%%%%%%%%%%%%%%%%%
%% DG
@article{NeutronDG,
	title={Triangular mesh methods for the neutron transport equation},
	author={Reed, Wm H and Hill, TR},
	journal={Los Alamos Report LA-UR-73-479},
	year={1973}
}

@article{Chavent_Salzano,
	title={A finite-element method for the 1-D water flooding problem with gravity},
	author={Chavent, G and Salzano, G},
	journal={Journal of Computational Physics},
	volume={45},
	number={3},
	pages={307--344},
	year={1982},
	publisher={Elsevier}
}

@article{Chavent_Cockburn,
	title={The local projection ${P}^0-{P}^1$-discontinuous-Galerkin finite element method for scalar conservation laws},
	author={Chavent, Guy and Cockburn, Bernardo},
	journal={ESAIM: Mathematical Modelling and Numerical Analysis},
	volume={23},
	number={4},
	pages={565--592},
	year={1989},
	publisher={EDP Sciences}
}

@article{Cockburn_Shu,
	title={TVB Runge-Kutta local projection discontinuous Galerkin finite element method for conservation laws. II. General framework},
	author={Cockburn, Bernardo and Shu, Chi-Wang},
	journal={Mathematics of computation},
	volume={52},
	number={186},
	pages={411--435},
	year={1989}
}

@book{Hesthaven,
	title={Nodal discontinuous Galerkin methods: algorithms, analysis, and applications},
	author={Hesthaven, Jan S and Warburton, Tim},
	year={2007},
	publisher={Springer Science \& Business Media}
}


@book{DiPietro,
	title={Mathematical aspects of discontinuous Galerkin methods},
	author={Di Pietro, Daniele Antonio and Ern, Alexandre},
	volume={69},
	year={2011},
	publisher={Springer Science \& Business Media}
}

@book{DG_survey,
	title={Recent Developments in Discontinuous Galerkin Finite Element Methods for Partial Differential Equations: 2012 John H Barrett Memorial Lectures},
	author={Feng, Xiaobing and Karakashian, Ohannes and Xing, Yulong},
	volume={157},
	year={2013},
	publisher={Springer Science \& Business Media}
}

@incollection{Cockburn,
	title={Discontinuous Galerkin methods for convection-dominated problems},
	author={Cockburn, Bernardo},
	booktitle={High-order methods for computational physics},
	pages={69--224},
	year={1999},
	publisher={Springer}
}

@article{Shu,
	title={On a cell entropy inequality for discontinuous Galerkin methods},
	author={Jiang, Guang Shan and Shu, Chi-Wang},
	journal={Mathematics of Computation},
	volume={62},
	number={206},
	pages={531--538},
	year={1994}
}

@article{DGFEM_CFL,
	title={The Runge-Kutta local projection $ {P}^1$-discontinuous-Galerkin finite element method for scalar conservation laws},
	author={Cockburn, Bernardo and Shu, Chi-Wang},
	journal={ESAIM: Mathematical Modelling and Numerical Analysis},
	volume={25},
	number={3},
	pages={337--361},
	year={1991},
	publisher={EDP Sciences}
}

%%%%%%%%%%%%%%%%%%%%%%%%%%%%%%%%%%%%%%%
%% Meshless_DG
@article{DGPIC_maxwell,
	title={High-order nodal discontinuous Galerkin particle-in-cell method on unstructured grids},
	author={Jacobs, GB and Hesthaven, Jan S},
	journal={Journal of Computational Physics},
	volume={214},
	number={1},
	pages={96--121},
	year={2006},
	publisher={Elsevier}
}


@article{DGPIC,
	title={A high-order accurate particle-in-cell method},
	author={Edwards, Essex and Bridson, Robert},
	journal={International Journal for Numerical Methods in Engineering},
	volume={90},
	number={9},
	pages={1073--1088},
	year={2012},
	publisher={Wiley Online Library}
}



%%%%%%%%%%%%%%%%%%%%%%%%%%%%%%%%%%%%%%%
%% MPM FLIP PIC
@techreport{PIC,
	title={The particle-in-cell method for numerical solution of problems in fluid dynamics},
	author={Harlow, Francis H},
	year={1962},
	institution={Los Alamos Scientific Lab., N. Mex.}
}

@article{FLIP,
	title={FLIP: A method for adaptively zoned, particle-in-cell calculations of fluid flows in two dimensions},
	author={Brackbill, JU and Ruppel, HM},
	journal={Journal of Computational Physics},
	volume={65},
	number={2},
	pages={314--343},
	year={1986},
	publisher={Elsevier}
}

@article{Mass_Flip,
	title={Mass matrix formulation of the FLIP particle-in-cell method},
	author={Burgess, D and Sulsky, D and Brackbill, JU},
	journal={Journal of Computational Physics},
	volume={103},
	number={1},
	pages={1--15},
	year={1992},
	publisher={Elsevier}
}

@article{Sulsky94,
	title={A particle method for history-dependent materials},
	author={Sulsky, Deborah and Chen, Zhen and Schreyer, Howard L},
	journal={Computer methods in applied mechanics and engineering},
	volume={118},
	number={1-2},
	pages={179--196},
	year={1994},
	publisher={Elsevier}
}


@article{Sulsky95,
title = "Application of a particle-in-cell method to solid mechanics ",
journal = "Computer Physics Communications ",
author={Sulsky, Deborah and Zhou, Shi-Jian and Schreyer, Howard L},
volume = "87",
number = "1–2",
pages = "236 - 252",
year = "1995",
}   


@article{Love,
	title = "An unconditionally stable, energy–momentum consistent implementation of the material-point method ",
	journal = "Computer Methods in Applied Mechanics and Engineering ",
	volume = "195",
	number = "33–36",
	pages = "3903 - 3925",
	year = "2006",
	note = "",
	author = "E. Love and D.L. Sulsky",
}
@article{BC_MPM,
	title={Examination and analysis of implementation choices within the material point method ({MPM})},
	author={Steffen, M and Wallstedt, PC and Guilkey, JE and Kirby, RM and Berzins, M},
	journal={Computer Modeling in Engineering and Sciences},
	volume={32},
	number={2},
	pages={107--127},
	year={2008}
}

@book{Book_MPM,
  title={The Material Point Method: A Continuum-based Particle Method for Extreme Loading Cases},
  author={Zhang, Xiong and Chen, Zhen and Liu, Yan},
  year={2016},
  publisher={Academic Press}
}

@article{USF_USL,
  title={Caveats on the implementation of the generalized material point method},
  author={Buzzi, Olivier and Pedroso, Dorival M and Giacomini, Anna and others},
  journal={Computer Modeling in Engineering and Sciences},
  volume={1},
  number={1},
  pages={1--21},
  year={2008}
}

@article{Bardenhagen_USF_USL,
  title={Energy conservation error in the material point method for solid mechanics},
  author={Bardenhagen, SG},
  journal={Journal of Computational Physics},
  volume={180},
  number={1},
  pages={383--403},
  year={2002},
  publisher={Elsevier}
}

@article{MPM_cutting,
	title={Application of material point methods for cutting process simulations},
	author={Ambati, Ravindra and Pan, Xiaofei and Yuan, Huang and Zhang, Xiong},
	journal={Computational Materials Science},
	volume={57},
	pages={102--110},
	year={2012},
	publisher={Elsevier}
}

@article{Wieckowski,
	title={The material point method in large strain engineering problems},
	author={Wi{\c{e}}kowski, Zdzis{\l}aw},
	journal={Computer methods in applied mechanics and engineering},
	volume={193},
	number={39},
	pages={4417--4438},
	year={2004},
	publisher={Elsevier}
}


@mastersthesis{MPM_BSpline1,
	author       = {Roel Tielen}, 
	title        = {High-order material point method},
	school       = {Delft University of Technology},
	year         = 2016,
	}
	
@article{MPM_BSpline2,
		title={A high order material point method},
		author={Tielen, Roel and Wobbes, Elizaveta and M{\"o}ller, Matthias and Beuth, Lars},
		journal={Procedia Engineering},
		volume={175},
		pages={265--272},
		year={2017},
		publisher={Elsevier}
	}
	

%%%%%%%%%%%%%%%%%%%%%%%%%%%%%%%%%%%%%%%
%% Hyperbolic problems
@article{Osher,
	title={Riemann solvers, the entropy condition, and difference},
	author={Osher, Stanley},
	journal={SIAM Journal on Numerical Analysis},
	volume={21},
	number={2},
	pages={217--235},
	year={1984},
	publisher={SIAM}
}


@book{Toro,
	title={Riemann solvers and numerical methods for fluid dynamics: a practical introduction},
	author={Toro, Eleuterio F},
	year={2013},
	publisher={Springer Science \& Business Media}
}



@article{Plohr,
	title = "A conservative Eulerian formulation of the equations for elastic flow",
	journal = "Advances in Applied Mathematics",
	volume = "9",
	number = "4",
	pages = "481 - 499",
	year = "1988",
	author = "Bradley J Plohr and David H Sharp",
}


@book{Trangenstein,
  title={Numerical solution of hyperbolic partial differential equations},
  author={Trangenstein, John A},
  year={2009},
  publisher={Cambridge University Press}
}

@article {Trangenstein91,
	author = {Trangenstein, John and Colella, Phillip},
	title = {A higher-order Godunov method for modeling finite deformation in elastic-plastic solids},
	journal = {Communications on Pure and Applied Mathematics},
	volume = {44},
	pages = {41--100},
	year = {1991},
}

@book{Wang,
	title={Foundations of stress waves},
	author={Wang, Lili},
	year={2011},
	publisher={Elsevier}
}

@article{Colella_CTU,
	title={Multidimensional upwind methods for hyperbolic conservation laws},
	author={Colella, Phillip},
	journal={Journal of Computational Physics},
	volume={87},
	number={1},
	pages={171--200},
	year={1990},
	publisher={Elsevier}
}


%% FVM
@article{Harten,
	title={High resolution schemes for hyperbolic conservation laws},
	author={Harten, Ami},
	journal={Journal of computational physics},
	volume={49},
	number={3},
	pages={357--393},
	year={1983},
	publisher={Elsevier}
}

@book{Leveque,
	title={Finite volume methods for hyperbolic problems},
	author={Leveque, Randall J},
	year={2002},
	publisher={Cambridge university press}
}

@article{Thomas,
	title = "Lax{\textendash}{W}endroff and {TVD} finite volume methods for unidimensional thermomechanical numerical simulations of impacts on elastic–plastic solids ",
	journal = "Journal of Computational Physics ",
	volume = "346",
	pages = "369 - 388",
	year = "2017",
	author = "Thomas Heuz\'e",
}

@inproceedings{Gavrilyuk,
	title={Dynamics of shock waves in elastic-plastic solids},
	author={Favrie, Nicolas and Gavrilyuk, Sergey},
	booktitle={ESAIM: Proceedings},
	volume={33},
	pages={50--67},
	year={2011},
	organization={EDP Sciences}
}


@article{Lee_FVM,
	title={Development of a cell centred upwind finite volume algorithm for a new conservation law formulation in structural dynamics},
	author={Lee, Chun Hean and Gil, Antonio J and Bonet, Javier},
	journal={Computers \& Structures},
	volume={118},
	pages={13--38},
	year={2013},
	publisher={Elsevier}
}


@article{Haider_FVM,
	title={A first-order hyperbolic framework for large strain computational solid dynamics: An upwind cell centred Total Lagrangian scheme},
	author={Haider, Jibran and Lee, Chun Hean and Gil, Antonio J and Bonet, Javier},
	journal={International Journal for Numerical Methods in Engineering},
	volume={109},
	number={3},
	pages={407--456},
	year={2017},
	publisher={Wiley Online Library}
}

@PHDTHESIS{Kluth,
	title = "Analyse mathématique et numérique de systèmes hyperélastiques et introduction de la plasticit{\'e}",
	author = "Kluth, Gilles",
	year = "2008",
}

@article{Kluth_papier,
	title={Perfect plasticity and hyperelastic models for isotropic materials},
	author={Kluth, Gilles and Despr{\'e}s, Bruno},
	journal={Continuum Mechanics and Thermodynamics},
	volume={20},
	number={3},
	pages={173--192},
	year={2008},
	publisher={Springer}
}

@article{Ball,
	title={Convexity conditions and existence theorems in nonlinear elasticity},
	author={Ball, John M},
	journal={Archive for rational mechanics and Analysis},
	volume={63},
	number={4},
	pages={337--403},
	year={1976},
	publisher={Springer}
}


%%%%%%%%%%%%%%%%%%%%%%%%%%%%%%%%%%%%%%%
%% Formage
@article{Formage,
	title={Electromagnetic forming—a review},
	author={Psyk, Verena and Risch, D and Kinsey, BL and Tekkaya, AE and Kleiner, M},
	journal={Journal of Materials Processing Technology},
	volume={211},
	number={5},
	pages={787--829},
	year={2011},
	publisher={Elsevier}
}


%%%%%%%%%%%%%%%%%%%%%%%%%%%%%%%%%%%%%%%
%% Numerical methods
@book{Hirsch,
	title={Numerical computation of internal and external flows: The fundamentals of computational fluid dynamics},
	author={Hirsch, Charles},
	year={2007},
	publisher={Butterworth-Heinemann},
	chapter={7}
}

@book{Courant,
  title={Methods of mathematical physics [Methoden der mathematischen Physik, engl.] 1},
  author={Courant, Richard and Hilbert, David},
  year={1965},
  publisher={CUP Archive}
}

%%%%%%%%%%%%%%%%%%%%%%%%%%%%%%%%%%%%%%%
%% Elastoplastic waves
@article{Li,
  title={ELASTIC-PLASTIC COMBINED STRESS WAVES UNDER CONDITION OF PLANE STRESS},
  author={LI, YC and ZHOU, GQ and LU, ZL},
  journal={Le Journal de Physique Colloques},
  volume={49},
  number={C3},
  pages={C3--601},
  year={1988},
  publisher={EDP Sciences}
}

@techreport{Clifton,
	title={An analysis of combined longitudinal and torsional plastic waves in a thin-walled tube},
	author={Clifton, RJ},
	year={1966},
	institution={Brown university Providence R.I, Division of Engineering}
}


@article{Lin_et_Ballman,
	title = "A Riemann solver and a second-order Godunov method for elastic-plastic wave propagation in solids",
	journal = "International Journal of Impact Engineering",
	volume = "13",
	number = "3",
	pages = "463 - 478",
	year = "1993",
	author = "X. Lin and J. Ballmann"
}

@book{Nowacki,
	title={Stress waves in non-elastic solids},
	author={Nowacki, Wojciech Krzysztof},
	year={2018},
	publisher={Elsevier}
}

@article{Bleich,
	title={Plane waves in an elastic-plastic half-space due to combined surface pressure and shear},
	author={Bleich, HH and Nelson, Ivan},
	journal={Journal of Applied Mechanics},
	volume={33},
	number={1},
	pages={149--158},
	year={1966},
	publisher={American Society of Mechanical Engineers}
}

@article{Ting,
	title={Plane waves due to combined compressive and shear stresses in a half space},
	author={Ting, TCT and Nan, Ning},
	journal={Journal of Applied Mechanics},
	volume={36},
	number={2},
	pages={189--197},
	year={1969},
	publisher={American Society of Mechanical Engineers}
}
