% This file was created with JabRef 2.10.
% Encoding: UTF-8


%%%%%% BIBLIO FSW

@article{Contractivite,
  TITLE = {{A new unconditionally stable fractional step method for non-linear coupled thermomechanical problems}},
  AUTHOR = {F. Armero and J.C Simo},
  JOURNAL = {{International journal for numerical methods in engineering}},
  VOLUME = {35},
  PAGES = {737-766},
  YEAR = {1992},
}

@article{X-fem_incomp,
  TITLE = {{Etude de la stabilit{\'e} d'une formulation incompressible trait{\'e}e par X-FEM}},
  AUTHOR = {Legrain, Gr{\'e}gory and Mo{\"e}s, Nicolas and Huerta, Antonio},
  URL = {https://hal.archives-ouvertes.fr/hal-01006812},
  JOURNAL = {{Revue Europ{\'e}enne des Elements Finis, num{\'e}ro sp{\'e}cial Giens 2005}},
  VOLUME = {15},
  PAGES = {257-268},
  YEAR = {2006},
  HAL_ID = {hal-01006812},
  HAL_VERSION = {v1},
}

@article{Moes03,
  TITLE = {{A computational approach to handle complex microstructure geometries}},
  AUTHOR = {Mo{\"e}s, Nicolas and Cloirec, Mathieu and Cartraud, Patrice and Remacle, J. F.},
  URL = {https://hal.archives-ouvertes.fr/hal-01004690},
  JOURNAL = {{Computer Methods in Applied Mechanics and Engineering}},
  PUBLISHER = {{Elsevier}},
  VOLUME = {192},
  NUMBER = {28-30},
  PAGES = {3163-3177},
  YEAR = {2003},
  DOI = {10.1016/S0045-7825(03)00346-3},
  HAL_ID = {hal-01004690},
  HAL_VERSION = {v1},
}
@inproceedings{Photo,
  TITLE = {{Caract{\'e}risation d'un alliage 2024-T3 assembl{\'e} par friction-malaxage}},
  AUTHOR = {Jemal, Nejah and Masse, Jean-Eric and Langlois, Laurent and Tcherniaeff, Serge and Girot, Franck},
  URL = {https://hal.archives-ouvertes.fr/hal-01060543},
  BOOKTITLE = {{Conf{\'e}rence Internationale sur le Soudage, le CND et l'Industrie des M{\'e}taux}},
  ADDRESS = {Algeria},
  PUBLISHER = {{CSC}},
  PAGES = {1-12},
  YEAR = {2010},
  MONTH = Nov,
  KEYWORDS = {soudage par friction malaxage ; aluminium 2024},
  PDF = {https://hal.archives-ouvertes.fr/hal-01060543/file/MSMP_IC_WNDT_MI10_Masse_2010.pdf},
  HAL_ID = {hal-01060543},
  HAL_VERSION = {v1},
}



@article{Moes00,
    author = {N. Sukumar and D. L. Chopp and N. Moes and T. Belytschko},
    title = {Modeling Holes and Inclusions by Level Sets in the Extended Finite Element Method},
    year = {2000}
}

@article{Moes99,
  TITLE = {{A finite element method for crack growth without remeshing}},
  AUTHOR = {Mo{\"e}s, Nicolas and Dolbow, John and Belytschko, Ted},
  URL = {https://hal.archives-ouvertes.fr/hal-01004829},
  JOURNAL = {{International Journal for Numerical Methods in Engineering}},
  PUBLISHER = {{Wiley-Blackwell}},
  VOLUME = {46},
  NUMBER = {1},
  PAGES = {131-150},
  YEAR = {1999},
  HAL_ID = {hal-01004829},
  HAL_VERSION = {v1},
}


@book{Pom09,
  TITLE = {{La simulation num{\'e}rique de la propagation de fissures}},
  AUTHOR = {Pommier, Sylvie and Gravouil, Anthony and Mo{\"e}s, Nicolas and Combescure, Alain},
  URL = {https://hal.archives-ouvertes.fr/hal-01002851},
  PUBLISHER = {{Herm{\`e}s Science}},
  PAGES = {222},
  YEAR = {2009},
  HAL_ID = {hal-01002851},
  HAL_VERSION = {v1},
}

@article{Flem97,
 TITLE = {{Enriched element-free Galerkin methods for crack tip fields}},
 AUTHOR = {Fleming, M., Chu, Y. A., Moran, B. and Belytschko,T.},
 JOURNAL ={{Internat. J. Numer. Methods Engrg.}},
 PUBLISHER = {{Wiley-Blackwell}},
 VOLUME = {40},
 NUMBER = {8},
 PAGES = {1483-1504},
 YEAR = {1997},
}

@MISC{Babu96,
    author = {J. M. Melenk and I. Babuska},
    title = {{The Partition of Unity Finite Element Method: Basic Theory and Applications}},
    year = {1996},
}

@PhDThesis{Feul,
TITLE = {{Mod{\'e}lisation num{\'e}rique du soudage par friction-malaxage (Friction Stir Welding)}},
AUTHOR = {Eric Feulvarch},
SCHOOL = {Universit{\'e} Jean Monnet de Saint-Etienne},
YEAR = {2005},
}

@PhDThesis{Heuz,
TITLE = {{Mod{\'e}lisation des couplages fluide/solide das les proc{\'e}d{\'e}s d'assemblage {\'a} haute temp{\'e}rature}},
AUTHOR = {Thomas Heuz{\'e}},
SCHOOL = {Universit{\'e} Pierre et Marie Curie de Paris},
YEAR = {2011},
}

@PhDThesis{Bas,
TITLE = {{Mod{\'e}lisation du soudage d'alliages d'aluminium par friction et malaxage}},
AUTHOR = {Arnaud Bastier},
SCHOOL = {Ecole Polytechnique},
YEAR = {2006},
}

@PhDThesis{Grat,
TITLE = {{Contributions au proc{\'e}d{\'e} de soudage par frottement et malaxage
FSW}},
AUTHOR = {François Gratecap},
SCHOOL = {Ecole Centrale de Nantes},
YEAR = {2007},
}

@PhDThesis{Gue,
TITLE = {{Contribution {\'a} la modélisation et {\'a} la
simulation num{\'e}rique du soudage par friction et malaxage}},
AUTHOR = {Ammar Guedoiri},
SCHOOL = {Ecole Nationale Supérieure d'Arts et Métiers},
YEAR = {2012},
}

@PhDThesis{Legr,
TITLE = {{Extension de l’approche X-FEM aux grandes transformations pour la fissuration des milieux hyper {\'e}lastique}},
AUTHOR = {Gregory Legrain},
SCHOOL = {Ecole Centrale de Nantes},
YEAR = {2006},
}

@PhDThesis{Levy,
TITLE = {{Mod{\'e}lisation et simulation d'un {\'e}coulement sous vibration. Application au soudage par ultrasons de composites {\'a} matrice thermoplastique}},
AUTHOR = {Arthur Levy},
SCHOOL = {Ecole Centrale de Nantes},
YEAR = {2010},
}

@PhDThesis{Basset,
TITLE = {{Simulation num{\'e}rique d'{\'e}coulements multifluides sur grille de calcul}},
AUTHOR = {Olivier Basset},
SCHOOL = {Ecole Nationale Sup{'e}rieure des Mines de Paris},
YEAR = {2006},
}

@PhDThesis{SAL,
TITLE = {{Contribution aux m{\'e}thodes num{\'e}riques pour la simulation d'{\'e}coulements de fluides, d'{\'e}lectromagn{\'e}tisme et de physique des plasmas}},
AUTHOR = {Salmon, St{\'e}phanie},
SCHOOL = {{Universit{\'e} Louis Pasteur - Strasbourg I}},
YEAR = {2008},
}

@phdthesis{Zimmer,
  TITLE = {{Contribution to the industrialization of friction stir welding}},
  AUTHOR = {Zimmer, Sandra},
  NUMBER = {2009ENAM0035},
  SCHOOL = {{Arts et M{\'e}tiers ParisTech}},
  YEAR = {2009},
  MONTH = Dec,
  TYPE = {Theses},
}

@PhDThesis{Guerdoux,
TITLE = {{Simulation num{\'e}rique du soudage par frottement-malaxage}},
AUTHOR = {Simon Guerdoux},
SCHOOL = {{Ecole des mines de Paris}},
YEAR = {2007},
}
@article{Krish,
    author = {K.N Krishnan},
    title = {On the formation of onion rings in friction stir welfing},
    journal = {Materials Science and Engineering},
    VOLUME = {A},
 	NUMBER = {327},
 	PAGES = {246-251},
 	year = {2001}
}

@article{Feul2,
    author = {E.Feulvarch, J-C Roux,J-M Bergheau},
    title = {A simple and robust moving mesh technique for the finite element simulation of Friction Stir Welding},
    journal = {Journal of Computational and Applied Mathematics},
    NUMBER = {246},
 	PAGES = {269-277},
 	year = {2013}
}

@article{Fourment,
  TITLE = {{3D Numerical simulation of friction stir welding of lap joints using an arbitrary Lagrangian Eulerian formulation}},
  AUTHOR = {Fourment, Lionel and Gastebois, Sabrina},
  JOURNAL = {{Key Engineering Materials}},
  VOLUME = {611-612},
  PAGES = {1528-1535},
  YEAR = {2014},
}

@article{Shah,
  TITLE = {{Friction Stir Welding : Current State of the Art and Future Prospects}},
  AUTHOR = {S. Shah, S. Tosunoglu},
  JOURNAL = {{WMSCI 2012}},
  VOLUME = {July 17-20},
  address = {Orlando, Florida},
  PAGES = {1528-1535},
  YEAR = {2012},
}

@article{FSW,
    author = {X. He, F.Gu,A. Ball},
    title = {A revue of numerical analysis of friction stir welding},
    journal = {Progress in Materials Science},
    NUMBER = {65},
 	PAGES = {1-66},
 	year = {2014}
}

@book{LBB,
 author = {Brezzi, Franco and Fortin, Michel},
 title = {Mixed and Hybrid Finite Element Methods},
 year = {1991},
 isbn = {0-387-97582-9},
 publisher = {Springer-Verlag New York, Inc.},
 address = {New York, NY, USA}
} 

@article{Arnold,
 author = {D. Arnold, F. Brezzi, M. Fortin},
 title = {A stable finite element for the stokes equations},
 journal = {Calcolo},
 VOLUME = {21},
 NUMBER = {4},
 PAGES = {337-344},
 year = {1984}
}

@article{Couette,
	author = {T. Heuz{\'e} and J-.B. Leblond and J-.M Bergheau},
	title = {Benchmark tests based on the Couette
	viscometer — {I}: Laminar flow of incompressible fluids with
	inertia effects and thermomechanical coupling},
	journal = {Computers and Mathematics with Applications},
	VOLUME = {67},
	PAGES = {1925-1937},
	year = {2014}
}

@article{Mish,
	author = {R.S. Mishra and Z.Y. Ma},
	title = {Friction Stir Welding and Processing},
	journal = {Material Science and Engineering},
	VOLUME = {50},
	PAGES = {1-78},
	year = {2005}
}

@article{Sheppard,
author = {T. Sheppard and D. S. Wright},
title = {Determination of flow stress: Part 1 constitutive equation for aluminium alloys at elevated temperatures},
journal = {Metals Technology},
volume = {6},
number = {1},
pages = {215-223},
year = {1979},
}

@article{Ulysse,
author = {P. Ulysse},
title = {Three-dimensional modeling of the Friction Stir Welding process},
journal = {International Journal of Machine Tools and Manufacture},
volume = {42},
pages = {1549-1557},
year = {2002},
}

@article{Schmidt,
author = {H. Schmidt and J. Hattel},
title = {A local model for the thermomechanical conditions in friction stir welding},
journal = {Modelling and Simulation in Materials Science and Engineering},
volume = {13},
pages = {77-93},
year = {2005},
}

@article{Stainier,
  title={The variational formulation of viscoplastic constitutive updates},
  author={Ortiz, Michael and Stainier, Laurent},
  journal={Computer methods in applied mechanics and engineering},
  volume={171},
  number={3},
  pages={419-444},
  year={1999},
  publisher={Elsevier},
}

@article{TLS,
year={2012},
issn={0376-9429},
journal={International Journal of Fracture},
volume={174},
number={1},
doi={10.1007/s10704-012-9693-3},
title={A new model of damage: a moving thick layer approach},
url={http://dx.doi.org/10.1007/s10704-012-9693-3},
publisher={Springer Netherlands},
keywords={Nucleation of defects; Moving layers; Elastic-brittle material},
author={Stolz, Claude and Moës, Nicolas},
pages={49-60},
language={English}
}

@article{Mult,
  title={A stable Lagrange multiplier space for stiff interface conditions within the extended finite element method},
  author={Béchet, Eric and Mo{\"e}s, Nicolas and Wohlmuth, Barbara},
  journal={International Journal for Numerical Methods in Engineering},
  number={78},
  pages={931-954},
  year={2009},
}

%%%%%%%
